@article{goldberger2000,
  author    = {Goldberger, A. L. and Amaral, L. A. N. and Glass, L. and Hausdorff, J. M. and Ivanov, P. C. and Mark, R. G. and Stanley, H. E.},
  title     = {PhysioBank, PhysioToolkit, and PhysioNet: Components of a new research resource for complex physiologic signals},
  journal   = {Circulation},
  year      = {2000},
  volume    = {101},
  number    = {23},
  pages     = {e215--e220},
  doi       = {10.1161/01.CIR.101.23.e215},
  url       = {https://physionet.org/content/eegmmidb/1.0.0/}
}

@article{wang2022,
  author    = {Wang, J. and Bi, L. and Fei, W.},
  title     = {Using Non-linear Dynamics of EEG Signals to Classify Primary Hand Movement Intent Under Opposite Hand Movement},
  journal   = {Frontiers in Neurorobotics},
  year      = {2022},
  volume    = {16},
  pages     = {845127},
  doi       = {10.3389/fnbot.2022.845127}
}
@inproceedings{boutarfaia2023,
  author    = {Boutarfaia, N. and Russo, S. and Tibermacine, A. and Tibermacine, I. E.},
  title     = {Deep Learning for EEG-Based Motor Imagery Classification: Towards Enhanced Human-Machine Interaction and Assistive Robotics},
  booktitle = {CEUR Workshop Proceedings},
  year      = {2023},
  url       = {https://api.semanticscholar.org/CorpusID:270258728}  % Dodany link do artykułu
}

@article{roots2020,
  author    = {Roots, K. and Muhammad, Y. and Muhammad, N.},
  title     = {Fusion Convolutional Neural Network for Cross-Subject EEG Motor Imagery Classification},
  journal   = {Computers},
  year      = {2020},
  volume    = {9},
  number    = {3},
  pages     = {72},
  doi       = {10.3390/computers9030072},  % Dodany DOI
  url       = {https://www.mdpi.com/2073-431X/9/3/72}  % Dodany link do artykułu
}

@article{bibliotekanauki,
  author    = {bibliotekanauki.pl},
  title     = {Transformata falkowa wybranych sygnałów symulacyjnych jako narzędzie analizy},
  journal   = {Biblioteka Nauki},
  year      = {2023},
  url       = {https://bibliotekanauki.pl/articles/256150.pdf}  % Link do artykułu
}


@article{rajwal2023,
  author    = {Rajwal, S. and Aggarwal, S.},
  title     = {Convolutional Neural Network-Based EEG Signal Analysis: A Systematic Review},
  journal   = {Archives of Computational Methods in Engineering},
  year      = {2023},
  volume    = {30},
  pages     = {3585--3615},
  doi       = {10.1007/s11831-023-09920-1},  % DOI już obecny
  url       = {https://link.springer.com/article/10.1007/s11831-023-09920-1}  % Dodany link do artykułu
}

@article{hochreiter1997,
  author    = {Hochreiter, S. and Schmidhuber, J.},
  title     = {Long Short-Term Memory},
  journal   = {Neural Computation},
  year      = {1997},
  volume    = {9},
  number    = {8},
  pages     = {1735--1780},
  doi       = {10.1162/neco.1997.9.8.1735},  % Dodany DOI
  url       = {https://doi.org/10.1162/neco.1997.9.8.1735}  % Dodany link do artykułu
}

@article{sherstinsky2020,
  author    = {Sherstinsky, A.},
  title     = {Fundamentals of Recurrent Neural Network (RNN) and Long Short-Term Memory (LSTM) Network},
  journal   = {Physica D: Nonlinear Phenomena},
  year      = {2020},
  doi       = {10.1016/j.physd.2019.132306}, % Poprawiony DOI
  archivePrefix = {arXiv},
  eprint    = {1808.03314}, % Numer arXiv
  primaryClass = {cs.LG}, % Klasyfikacja arXiv
  url       = {https://doi.org/10.48550/arXiv.1808.03314} % Link do arXiv
}

@inproceedings{chen2024,
  author    = {Chen, N.},
  title     = {Exploring the development and application of LSTM variants},
  booktitle = {Proceedings of the 4th International Conference on Signal Processing and Machine Learning},
  year      = {2024},
  doi       = {10.54254/2755-2721/53/20241288}
}

@misc{pytorch2025adam,
  author    = {{PyTorch Developers}},
  title     = {torch.optim.Adam — PyTorch 2.5 documentation},
  year      = {2025},
  url       = {https://pytorch.org/docs/stable/generated/torch.optim.Adam.html},
  note      = {Dostęp: 13 stycznia 2025}
}

@misc{pytorch2025crossentropy,
  author    = {{PyTorch Developers}},
  title     = {torch.nn.CrossEntropyLoss — PyTorch 2.5 documentation},
  year      = {2025},
  url       = {https://pytorch.org/docs/stable/generated/torch.nn.CrossEntropyLoss.html},
  note      = {Dostęp: 13 stycznia 2025}
}

@book{daubechies1992,
  title={Ten Lectures on Wavelets},
  author={Daubechies, Ingrid},
  year={1992},
  publisher={SIAM},
  address={Philadelphia, PA}
}

@book{mallat1999,
  title={A Wavelet Tour of Signal Processing},
  author={Mallat, St{\'e}phane},
  year={1999},
  publisher={Academic Press},
  address={San Diego, CA}
}
@article{Silva2020,
  title={Localizing the Primary Motor Cortex of the Hand by the 10-5 and 10-20 Systems for Neurostimulation: An MRI Study},
  author={Leandro Moura Silva and Karl Marx S. Silva and Wigínio Gabriel Lira-Bandeira and Adriana Clementino Costa-Ribeiro and Severino Aires Araújo-Neto},
  journal={Clinical EEG and Neuroscience},
  volume={1},
  pages={1--9},
  year={2020},
  publisher={EEG and Clinical Neuroscience Society (ECNS)},
  doi={10.1177/1550059420934590},
  url={https://journals.sagepub.com/doi/10.1177/1550059420934590},
  note={© EEG and Clinical Neuroscience Society (ECNS) 2020}
}
